@InProceedings{Dune,
  author =       "P. Bastian and M. Droske and C. Engwer and R. Klöfkorn and 
                  T. Neubauer and M. Ohlberger and M. Rumpf",
  editor =       "R. Kornhuber and {R.H.W.} Hoppe and  {D.E.} Keyes and J. Périaux 
                  and O. Pironneau and J. Xu",
  booktitle =    "Proceedings of the 15th Conference on Domain Decomposition Methods",
  title =        "Towards a Unified Framework for Scientific Computing",
  publisher =    "Springer-Verlag",
  series =       {LNCSE},
  note =         "accepted for publication",
  pages =        "",
  year =         "2004",
  pdf = "TM105.pdf"
}

@Misc{BLASTForum,
  author = 	 {{BLAST Forum}},
  title = 	 {Basic Linear Algebra Subprograms Technical ({BLAST}) Forum Standard},
  year = 	 {2001},
  note     = {\texttt{http://www.netlib.org/blas/blast-forum/}},
}

@Misc{MTL,
  key = {MTL},
  title = 	 {Matrix Template Library},
  note     = {\texttt{http://www.osl.iu.edu/research/mtl/}},
}

@Misc{ITL,
  key = {ITL},
  title = 	 {Iterative Template Library},
  note     = {\texttt{http://www.osl.iu.edu/research/itl/}},
}

@Misc{DuneWeb,
  author = {DUNE},
  note     = {\texttt{http://www.dune.uni-hd.de/}}
}

@Misc{Blitz,
  key = {Blitz++},
  title = 	 {Blitz++},
  note     = {\texttt{http://www.oonumerics.org/blitz/}},
}

@Misc{LALinks,
  author = 	 {Jack Dongarra},
  title = 	 {List of freely available software for linear algebra on the web},
  year = 	 {2004},
  note     = {\texttt{http://netlib.org/utk/people/JackDongarra/la-sw.html}}
}

@Book{Stroustrup,
  author = 	 {B. Stroustrup},
  ALTeditor = 	 {},
  title = 		 {The {C++} Programming Language},
  publisher = 	 {Addison-Wesley},
  year = 		 {1997}
}

@Book{BN,
  author = 	 {{J. J.} Barton and {L. R.} Nackman},
  ALTeditor = 	 {},
  title = 		 {Scientific and Engineering {C++}},
  publisher = 	 {Addison-Wesley},
  year = 		 {1994}
}

@TechReport{Veldhui99,
  author = 		 {T. Veldhuizen},
  title = 		 {Techniques for Scientific {C}++},
  institution =  {Indiana University},
  year = 		 {1999},
  note = 	 {Computer Science Department}
}
